Untuk setiap referensi, baris pertama (newton1687) merupakan label dan baris-baris berikutnya
merupakan atribut dari referensi yang akan digunakan. Umumnya, format referensi berikut sudah
disediakan oleh penyedia sumber referensi secara online dan bisa langsung ditaruh di sini.

Lihat https://www.bibtex.com/g/bibtex-format/ untuk informasi lebih lanjut mengenai format
BibTex yang digunakan pada file ini.

@article{newton1687,
  author  = {Isaac Newton},
  journal = {Philosophi√¶ Naturalis Principia Mathematica},
  title   = {Axioms or Laws of Motion},
  year    = {1687}
}

@misc{cit:covidcase,
 	title   = {Coronavirus Cases},
 	author	= {WorldOMeters},
 	year    = {2021},
 	url     = {https://www.worldometers.info/coronavirus/},
 	urldate = {2021-06-03}
}

@misc{cit:salahcuci,
	title   = {cara-cuci-tangan-yang-salah},
	author	= {Hallo Sehat},
	year    = {2020},
	url     = {https://hellosehat.com/hidup-sehat/tips-sehat/cara-cuci-tangan-yang-salah},
	urldate = {2021-06-03}
}

@misc{cit:cucisabun,
	title   = {Kemenko PMK: Kesadaran cuci tangan pakai sabun meningkat tajam},
	author	= {Hallo Sehat},
	year    = {2021},
	url     = {https://www.antaranews.com/berita/1785433/kemenko-pmk-kesadaran-cuci-tangan-pakai-sabun-meningkat-tajam},
	urldate = {2021-06-03}
}

@misc{cit:effnet,
	title={EfficientNet: Rethinking Model Scaling for Convolutional Neural Networks}, 
	author={Mingxing Tan and Quoc V. Le},
	year={2020},
	eprint={1905.11946},
	archivePrefix={arXiv},
	primaryClass={cs.LG}
}

@misc{cit:noisy,
	title={Self-training with Noisy Student improves ImageNet classification}, 
	author={Qizhe Xie and Minh-Thang Luong and Eduard Hovy and Quoc V. Le},
	year={2020},
	eprint={1911.04252},
	archivePrefix={arXiv},
	primaryClass={cs.LG}
}

@misc{cit:copid,
	title   = {Coronavirus disease (COVID-19)},
	author	= {World Health Organization},
	year    = {2020},
	url     = {https://www.who.int/emergencies/diseases/novel-coronavirus-2019},
	urldate = {2021-06-03}
}

@misc{cit:cnn,
	title   = {Apa itu Convolutional Neural Network?},
	author	= {Qobliyatul Lina},
	year    = {2019},
	url     = {https://medium.com/@16611110/apa-itu-convolutional-neural-network-836f70b193a4},
	urldate = {2021-06-03}
}

@misc{cit:kuda,
	title   = {Machine Learning is Fun! Part 3: Deep Learning and Convolutional Neural Networks},
	author	= {Adam Gietgey},
	year    = {2016},
	url     = {https://medium.com/@ageitgey/machine-learning-is-fun-part-3-deep-learning-and-convolutional-neural-networks-f40359318721},
	urldate = {2021-06-03}
}